# Add paper referencees using bibtex format. This is a useful tool where
# you can insert the paper's DOI number and get the bibtex:
#
#	http://www.doi2bib.org/#/doi/10.1128/aem.01541-09
#

@article{Schloss2009,
  doi = {10.1128/aem.01541-09},
  url = {http://dx.doi.org/10.1128/AEM.01541-09},
  year  = {2009},
  month = {oct},
  publisher = {American Society for Microbiology},
  volume = {75},
  number = {23},
  pages = {7537--7541},
  author = {P. D. Schloss and S. L. Westcott and T. Ryabin and J. R. Hall and M. Hartmann and E. B. Hollister and R. A. Lesniewski and B. B. Oakley and D. H. Parks and C. J. Robinson and J. W. Sahl and B. Stres and G. G. Thallinger and D. J. Van Horn and C. F. Weber},
  title = {Introducing mothur: Open-Source,  Platform-Independent,  Community-Supported Software for Describing and Comparing Microbial Communities},
  journal = {Applied and Environmental Microbiology}
}

@article{Munkh2017,
AUTHOR = {Munkhtsetseg, E. and Shinoda, M. and Ishizuka, M. and Mikami, M. and Kimura, R. and Nikolich, G.},
TITLE = {Anthropogenic dust emissions due to livestock trampling in a Mongolian temperate grassland},
JOURNAL = {Atmospheric Chemistry and Physics},
VOLUME = {17},
YEAR = {2017},
NUMBER = {18},
PAGES = {11389--11401},
URL = {https://acp.copernicus.org/articles/17/11389/2017/},
DOI = {10.5194/acp-17-11389-2017}
}